@article{Aquino_2017,
	doi = {10.1038/s41598-017-00451-x},
	year = 2017,
	volume = {7},
	number = {1},
	author = {Tom{\'{a}}s Aquino and Antoine Aubeneau and Gavan McGrath and Diogo Bolster and Suresh Rao},
	title = {Noise-Driven Return Statistics: Scaling and Truncation in Stochastic Storage Processes},
	journal = {Scientific Reports}
}
@article{Biswal_2010,
	doi = {10.1029/2010gl045415},
	year = 2010,
	volume = {37},
	number = {24},
	pages = {n/a--n/a},
	author = {Basudev Biswal and Marco Marani},
	title = {Geomorphological origin of recession curves},
	journal = {Geophysical Research Letters}
}
@article{Biswal_2014,
	doi = {10.1016/j.advwatres.2014.01.004},
	year = 2014,
	volume = {65},
	pages = {34--42},
	author = {Basudev Biswal and Marco Marani},
	title = {`Universal' recession curves and their geomorphological interpretation},
	journal = {Advances in Water Resources}
}
@article{Botter_2009,
	doi = {10.1029/2008wr007658},
	year = 2009,
	volume = {45},
	number = {10},
	author = {Gianluca Botter and Amilcare Porporato and Ignacio Rodriguez-Iturbe and Andrea Rinaldo},
	title = {Nonlinear storage-discharge relations and catchment streamflow regimes},
	journal = {Water Resources Research}
}
@article{borchardt1997urban,
  title={Urban stormwater discharges: ecological effects on receiving waters and consequences for technical measures},
  author={Borchardt, Dietrich and Sperling, Frank},
  journal={Water Science and Technology},
  volume={36},
  number={8-9},
  pages={173--178},
  year={1997},
  doi = {}
}
@article{Brutsaert_1977,
	doi = {10.1029/wr013i003p00637},
	year = 1977,
	volume = {13},
	number = {3},
	pages = {637--643},
	author = {Wilfried Brutsaert and John L. Nieber},
	title = {Regionalized drought flow hydrographs from a mature glaciated plateau},
	journal = {Water Resources Research}
}
@article{COUTU2012477,
title = "Parsimonious hydrological modeling of urban sewer and river catchments",
journal = "Journal of Hydrology",
volume = "464-465",
pages = "477 - 484",
year = "2012",
doi = "https://doi.org/10.1016/j.jhydrol.2012.07.039",
author = "Sylvain Coutu and Dario Del Giudice and Luca Rossi and D.A. Barry",
}
@article{Daly_2014,
	doi = {10.1016/j.advwatres.2014.09.003},
	year = 2014,
	volume = {74},
	pages = {148--155},
	author = {Edoardo Daly and Peter M. Bach and Ana Deletic},
	title = {Stormwater pollutant runoff: A stochastic approach},
	journal = {Advances in Water Resources}
}
@article{David_2013,
	doi = {10.1007/s12665-013-2447-3},
	year = 2013,
	volume = {69},
	number = {2},
	pages = {479--489},
	author = {Telse David and Dietrich Borchardt and Wolf von Tümpling and Peter Krebs},
	title = {Combined sewer overflows, sediment accumulation and element patterns of river bed sediments: a quantitative study based on mixing models of composite fingerprints},
	journal = {Environmental Earth Sciences}
}
@article{Dralle_2015,
author = {Dralle, David and Karst, Nathaniel and Thompson, Sally E.},
title = {a, b careful: The challenge of scale invariance for comparative analyses in power law models of the streamflow recession},
year = {2015},
journal = {Geophysical Research Letters},
volume = {42},
number = {21},
pages = {9285-9293},
doi = {10.1002/2015GL066007}
}

@misc{DWetter,
author = {{Deutscher Wetterdienst}},
year = {2017},
url = {https://www.dwd.de/EN/weather/weather_climate_local/}, 
checked = {17/12/2017}
}

@article{Fang_2018,
	doi = {10.1029/2017ef000746},
	year = 2018,
	volume = {6},
	number = {8},
	pages = {1134--1145},
	author = {Yu Fang and Serena Ceola and Kyungrock Paik and Gavan McGrath and P. Suresh C. Rao and Alberto Montanari and James W. Jawitz},
	title = {Globally Universal Fractal Pattern of Human Settlements in River Networks},
	journal = {Earth's Future}
}
@article{Geiger_1998,
	doi = {10.2166/wst.1998.0366},
	year = 1998,
	volume = {38},
	number = {10},
	pages = {1--8},
	author = {W. F. Geiger},
	title = {Combined sewer overflow treatment - knowledge or speculation},
	journal = {Water Science and Technology}
}
@article{Holzer_1998,
	doi = {10.2166/wst.1998.0372},
	year = 1998,
	volume = {38},
	number = {10},
	pages = {31--39},
	author = {Peter Holzer and Peter Krebs},
	title = {Modelling the total ammonia impact of {CSO} and {WWTP} effluent on the receiving water},
	journal = {Water Science and Technology}
}
@article{Kaeseberg_2018,
	doi = {10.1080/1573062x.2018.1529189},
	year = 2018,
	volume = {15},
	number = {6},
	pages = {576--583},
	author = {Thomas Kaeseberg and Michael Kaeseberg and Jin Zhang and James W. Jawitz and Peter Krebs and P. Suresh C. Rao},
	title = {The nexus of inhabitants and impervious surfaces at city scale {\textemdash} wastewater and stormwater travel time distributions and an approach to calibrate diurnal variations},
	journal = {Urban Water Journal}
}
@article{Karpf_2011,
	doi = {10.1016/j.watres.2011.03.022},
	year = 2011,
	volume = {45},
	number = {10},
	pages = {3129--3136},
	author = {Christian Karpf and Peter Krebs},
	title = {Quantification of groundwater infiltration and surface water inflows in urban sewer networks based on a multiple model approach},
	journal = {Water Research}
}
@article{Krebs_1999,
	doi = {10.2166/wst.1999.0441},
	year = 1999,
	volume = {39},
	number = {9},
	pages = {55--62},
	author = {Peter Krebs and Peter Holzer and Jacco L. Huisman and Wolfgang Rauch},
	title = {First flush of dissolved compounds},
	journal = {Water Science and Technology}
}
@article{Laio_2001,
  title = {Mean first passage times of processes driven by white shot noise},
  author = {Laio, F. and Porporato, A. and Ridolfi, L. and Rodriguez-Iturbe, I.},
  journal = {Phys. Rev. E},
  volume = {63},
  issue = {3},
  pages = {036105},
  numpages = {8},
  year = {2001},
  doi = {10.1103/PhysRevE.63.036105}
}
@article{LHOMME_2004,
	doi = {10.1016/s0022-1694(04)00367-1},
	year = 2004,
	volume = {299},
	number = {3-4},
	pages = {203--216},
	author = {J Lhomme and C Bouvier and J Perrin},
	title = {Applying a {GIS}-based geomorphological routing model in urban catchments},
	journal = {Journal of Hydrology}
}
@article{McGrath_2007,
	doi = {10.5194/hess-11-923-2007},
	year = 2007,
	volume = {11},
	number = {2},
	pages = {923--938},
	author = {G. S. McGrath and C. Hinz and M. Sivapalan},
	title = {Temporal dynamics of hydrological threshold events},
	journal = {Hydrology and Earth System Sciences}
}
@article{Mej_a_2014,
	doi = {10.1002/2013wr014834},
	year = 2014,
	volume = {50},
	number = {3},
	pages = {1984--2001},
	author = {Alfonso Mej{\'{\i}}a and Edoardo Daly and Florian Rossel and Tijana Jovanovic and Jorge Giron{\'{a}}s},
	title = {A stochastic model of streamflow for urbanized basins},
	journal = {Water Resources Research}
}
@article{Milly_1993,
author = {Milly, P. C. D.},
title = {An analytic solution of the stochastic storage problem applicable to soil water},
journal = {Water Resources Research},
volume = {29},
year = {1993},
number = {11},
pages = {3755-3758},
doi = {10.1029/93WR01934},
}
@article{Phillips_2012,
	doi = {10.1021/es3001294},
	year = 2012,
	volume = {46},
	number = {10},
	pages = {5336--5343},
	author = {P. J. Phillips and A. T. Chalmers and J. L. Gray and D. W. Kolpin and W. T. Foreman and G. R. Wall},
	title = {Combined Sewer Overflows: An Environmental Source of Hormones and Wastewater Micropollutants},
	journal = {Environmental Science {\&} Technology}
}
@book{RCore,
author = {{R~Core~Team}},
year = {2018},
titel = {R: A language and environment for statistical computing},
publshed = {R Foundation for Statistical Computing, Vienna, Austria}, 
url = {https://www.R-project.org/}
}

@article{Riechel_2016,
	doi = {10.1016/j.watres.2016.08.017},
	year = 2016,
	volume = {105},
	pages = {264--273},
	author = {Mathias Riechel and Andreas Matzinger and Erika Pawlowsky-Reusing and Hauke Sonnenberg and Mathias Uldack and Bernd Heinzmann and Nicolas Caradot and Dörthe von Seggern and Pascale Rouault},
	title = {Impacts of combined sewer overflows on a large urban river {\textendash} Understanding the effect of different management strategies},
	journal = {Water Research}
}

@article{Rodriguez_Iturbe_1999,
	doi = {10.1098/rspa.1999.0477},
	year = 1999,
	volume = {455},
	number = {1990},
	pages = {3789--3805},
	author = {I. Rodriguez-Iturbe and A. Porporato and L. Ridolfi and V. Isham and D. R. Coxi},
	title = {Probabilistic modelling of water balance at a point: the role of climate, soil and vegetation},
	journal = {Proceedings of the Royal Society A: Mathematical, Physical and Engineering Sciences}
}
@manual{Rossmann2010,
author = {Rossmann, L A}, 
year = {2010},
title = {Storm Water Management Model User's Manual Version 5.0, EPA/600/R-05/040},
publisher = {US EPA. National Risk Management Research Laboratory, Cincinnati, Ohio, USA}, 
url = {https://www.epa.gov/water-research/storm-water-management-model-swmm}
}
@article{Sandoval_2013,
	doi = {10.2166/wst.2013.524},
	year = 2013,
	volume = {68},
	number = {12},
	pages = {2683--2690},
	author = {S. Sandoval and A. Torres and E. Pawlowsky-Reusing and M. Riechel and N. Caradot},
	title = {The evaluation of rainfall influence on combined sewer overflows characteristics: the Berlin case study},
	journal = {Water Science and Technology}
}

@article{Semadeni_Davies_2008,
	doi = {10.1016/j.jhydrol.2007.05.028},
	year = 2008,
	volume = {350},
	number = {1-2},
	pages = {100--113},
	author = {Annette Semadeni-Davies and Claes Hernebring and Gilbert Svensson and Lars-Göran Gustafsson},
	title = {The impacts of climate change and urbanisation on drainage in Helsingborg, Sweden: Combined sewer system},
	journal = {Journal of Hydrology}
}

@article{Sterk_2016,
	doi = {10.1016/j.watres.2016.08.053},
	year = 2016,
	volume = {105},
	pages = {11--21},
	author = {Ankie Sterk and Heleen de Man and Jack F. Schijven and Ton de Nijs and Ana Maria de Roda Husman},
	title = {Climate change impact on infection risks during bathing downstream of sewage emissions from {CSOs} or {WWTPs}},
	journal = {Water Research}
}

@article{Wang_2018,
	doi = {10.1029/2017wr022286},
	year = 2018,
	volume = {54},
	number = {5},
	pages = {3357--3375},
	author = {Jun Wang and Yiping Guo},
	title = {An Analytical Stochastic Approach for Evaluating the Performance of Combined Sewer Overflow Tanks},
	journal = {Water Resources Research}
}
@article{Wittenberg_1999,
author = {Wittenberg, Hartmut},
title = {Baseflow recession and recharge as nonlinear storage processes},
journal = {Hydrological Processes},
volume = {13},
year = {1999},
number = {5},
pages = {715-726},
doi = {10.1002/(SICI)1099-1085(19990415)13:5<715::AID-HYP775>3.0.CO;2-N},
}

@article{Wollschl_ger_2016,
	doi = {10.1007/s12665-016-6327-5},
	year = 2016,
	volume = {76},
	number = {1},
	author = {Ute Wollschläger and Sabine Attinger and Dietrich Borchardt and Mario Brauns and Matthias Cuntz and Peter Dietrich and Jan H. Fleckenstein and Kurt Friese and Jan Friesen and Alexander Harpke and Anke Hildebrandt and Greta Jäckel and Norbert Kamjunke and Kay Knöller and Simon Kögler and Olaf Kolditz and Ronald Krieg and Rohini Kumar and Angela Lausch and Matthias Liess and Andreas Marx and Ralf Merz and Christin Mueller and Andreas Musolff and Helge Norf and Sascha E. Oswald and Corinna Rebmann and Frido Reinstorf and Michael Rode and Karsten Rink and Karsten Rinke and Luis Samaniego and Michael Vieweg and Hans-Jörg Vogel and Markus Weitere and Ulrike Werban and Matthias Zink and Steffen Zacharias},
	title = {The Bode hydrological observatory: a platform for integrated, interdisciplinary hydro-ecological research within the {TERENO} Harz/Central German Lowland Observatory},
	journal = {Environmental Earth Sciences}
}

@article{Yang_2017,
	doi = {10.1002/2017wr021555},
	year = 2017,
	volume = {53},
	number = {11},
	pages = {8966--8979},
	author = {Soohyun Yang and Kyungrock Paik and Gavan S. McGrath and Christian Urich and Elisabeth Krueger and Praveen Kumar and P. Suresh C. Rao},
	title = {Functional Topology of Evolving Urban Drainage Networks},
	journal = {Water Resources Research}
}
